% Encoding: UTF-8

@Misc{Strube2017web,
  author = {Falk-Jonatan Strube},
  title  = {Webseite von Falk-Jonatan Strube},
  year   = {2017},
  note   = {[Online; Stand 12. Juni 2017]},
  url    = {https://fj-strube.de/},
}

@Misc{Oertel2017,
  author = {{Prof. Dr. Oertel}, Wolfgang},
  title  = {CG1P-01-15.pdf},
  year   = {2017},
  note   = {[Erreichbar im Netz der HTW Dresden; Stand 12. Juni 2017]},
  url    = {smb://141.56.20.61/Prakt/oertel/CG1/Praktikum/CG1P-01-15.pdf},
}

@Misc{Oertel2017vl,
  author = {{Prof. Dr. Oertel}, Wolfgang},
  title  = {CG1-01-15.pdf},
  year   = {2017},
  note   = {[Erreichbar im Netz der HTW Dresden; Stand 12. Juni 2017]},
  url    = {smb://141.56.20.61/Prakt/oertel/CG1/Vorlesung/CG1-01-15.pdf},
}

@Misc{kommilitonen,
  author       = {Kommilitonen},
  title        = {Wissensaustausch},
  howpublished = {m√ºndlich},
  year         = {2018},
  note         = {Brose, Pour, Schmidtgen, Retsch},
}

@Comment{jabref-meta: databaseType:bibtex;}
