% Encoding: UTF-8

@Misc{cgtextures2017,
  author = {textures.com},
  title  = {Textures for 3D, graphic design and Photoshop},
  year   = {2017},
  note   = {[Online; Stand 12. Juni 2017]},
  url    = {https://www.textures.com/},
}

@Misc{Wiebusch2017,
  author = {Michael Wiebusch},
  title  = {Intro 2007},
  year   = {2017},
  note   = {[Online; Stand 12. Juni 2017]},
  url    = {https://soundcloud.com/acidbourbon/intro2007},
}

@Misc{Strube2017yt,
  author = {Falk-Jonatan Strube},
  title  = {Peter und Bob Videos},
  year   = {2017},
  note   = {[Online; Stand 12. Juni 2017]},
  url    = {https://www.youtube.com/playlist?list=PLJvHHrNj2t0vDl_VayQEbhXaL_3lAntOD},
}

@Misc{Strube2017web,
  author = {Falk-Jonatan Strube},
  title  = {Webseite von Falk-Jonatan Strube},
  year   = {2017},
  note   = {[Online; Stand 12. Juni 2017]},
  url    = {https://fj-strube.de/},
}

@Misc{Autodesk2017,
  author = {Autodesk},
  title  = {3DS MAX 2017 Helpdesk},
  year   = {2017},
  note   = {[Online; Stand 12. Juni 2017]},
  url    = {https://help.autodesk.com/view/3DSMAX/2017/ENU/},
}

@Misc{Heyde2007,
  author = {Manfred Heyde},
  title  = {Geode inside outside},
  year   = {2007},
  note   = {[Online; Stand 12. Juni 2017]},
  url    = {https://commons.wikimedia.org/w/index.php?title=File:Geode_inside_outside.jpg&oldid=119027535},
}

@Misc{Oertel2017,
  author = {{Prof. Dr. Oertel}, Wolfgang},
  title  = {CG2P-01-08.pdf},
  year   = {2017},
  note   = {[Erreichbar im Netz der HTW Dresden; Stand 12. Juni 2017]},
  url    = {\\141.56.20.61\Prakt\oertel\CG2\Praktikum\CG2P-01-08.pdf},
}

@Misc{Pinterest2017,
  author = {Pinterest},
  title  = {Bild Ski Maske},
  year   = {2017},
  note   = {[Online; Stand 12. Juni 2017]},
  url    = {https://s-media-cache-ak0.pinimg.com/originals/3b/cf/26/3bcf26c158549343a1c00e2d2ea0e809.jpg},
}

@Comment{jabref-meta: databaseType:bibtex;}
